<?xml version="1.0" encoding="UTF-8"?><collection xmlns="http://www.loc.gov/MARC21/slim"><record><leader>00470nam--2200169-i-4500</leader><controlfield tag="001">000029364</controlfield><controlfield tag="002">20161230</controlfield><controlfield tag="005">20161230201037</controlfield><controlfield tag="008">060222s1000------------r-----000-0-eng-d</controlfield><datafield ind1=" " ind2=" " tag="040"><subfield code="a">IFIN-HH</subfield></datafield><datafield ind1=" " ind2=" " tag="080"><subfield code="a">541.1-46:541.444</subfield></datafield><datafield ind1="1" ind2=" " tag="100"><subfield code="a">Libowitz, George G</subfield></datafield><datafield ind1="1" ind2="0" tag="245"><subfield code="a">The solid-state chemistry of binary metal hydrides</subfield><subfield code="c">George g. libowitz</subfield></datafield><datafield ind1=" " ind2=" " tag="260"><subfield code="a">New York</subfield><subfield code="b">W.A. Benjamin, Inc</subfield><subfield code="c">1965</subfield></datafield><datafield ind1=" " ind2=" " tag="300"><subfield code="a">XI+139P</subfield></datafield><datafield ind1=" " ind2=" " tag="852"><subfield code="a">24025</subfield><subfield code="c">539.2</subfield></datafield><datafield ind1=" " ind2=" " tag="CAT"><subfield code="a">Sys</subfield><subfield code="c">20121012</subfield><subfield code="h">122036</subfield></datafield></record></collection>